@article{alv,
  author     = {Alvarado, Christine and Umbelino, Gustavo and Minnes, Mia},
  title      = {The persistent effect of pre-college computing experience on college CS course grades},
  year       = {2018},
  issue_date = {June 2018},
  publisher  = {Association for Computing Machinery},
  address    = {New York, NY, USA},
  volume     = {9},
  number     = {2},
  issn       = {2153-2184},
  url        = {https://doi.org/10.1145/3210551},
  doi        = {10.1145/3210551},
  journal    = {ACM Inroads},
  month      = {apr},
  pages      = {58â€“64},
  numpages   = {7}
}

@book{ef4d7fb0-848f-3480-8634-d49a5f5c57df,
  isbn      = {9780674576285},
  url       = {http://www.jstor.org/stable/j.ctvjf9vz4},
  author    = {L. S. VYGOTSKY},
  publisher = {Harvard University Press},
  title     = {Mind in Society: Development of Higher Psychological Processes},
  urldate   = {2024-06-10},
  year      = {1978}
}
